%%% SL citations: \cite{Buckley:2018,CMS:SLnote,Fichet:2016gvx}

@article{Buckley:2018,
      author         = "Buckley, Andy and Citron, Matthew and Fichet, Sylvain and Kraml, Sabine and Waltenberger, Wolfgang and Wardle, Nicholas",
      title          = "{The Simplified Likelihood framework}",
      eprint         = "1809.nnnnn",
      archivePrefix  = "arXiv",
      primaryClass   = "hep-ph",
      SLACcitation   = "%%CITATION = ARXIV:1809.nnnnn;%%"
}

@techreport{CMS:SLnote,
      author        = "The CMS Collaboration",
      title         = "{Simplified likelihood for the re-interpretation of public
                       CMS results}",
      institution   = "CERN",
      collaboration = "CMS Collaboration",
      address       = "Geneva",
      number        = "CMS-NOTE-2017-001",
      month         = "Jan",
      year          = "2017",
      reportNumber  = "CMS-NOTE-2017-001",
      url           = "https://cds.cern.ch/record/2242860",
}

@article{Fichet:2016gvx,
      author         = "Fichet, Sylvain",
      title          = "{Taming systematic uncertainties at the LHC with the
                        central limit theorem}",
      journal        = "Nucl. Phys.",
      volume         = "B911",
      year           = "2016",
      pages          = "623-637",
      doi            = "10.1016/j.nuclphysb.2016.08.029",
      eprint         = "1603.03061",
      archivePrefix  = "arXiv",
      primaryClass   = "hep-ph",
      SLACcitation   = "%%CITATION = ARXIV:1603.03061;%%"
}