@techreport{SL_note,
      author        = "{The CMS Collaboration}",
      title         = "{Simplified likelihood for the re-interpretation of public CMS results}",
      institution   = "CERN",
      address       = "Geneva",
      number        = "CMS-NOTE-2017-001. CERN-CMS-NOTE-2017-001",
      month         = "Jan",
      year          = "2017",
      reportNumber  = "CMS-NOTE-2017-001",
      url           = "https://cds.cern.ch/record/2242860",
}



@article{Fichet:2016gvx,
      author         = "Fichet, Sylvain",
      title          = "{Taming systematic uncertainties at the LHC with the
                        central limit theorem}",
      journal        = "Nucl. Phys.",
      volume         = "B911",
      year           = "2016",
      pages          = "623-637",
      doi            = "10.1016/j.nuclphysb.2016.08.029",
      eprint         = "1603.03061",
      archivePrefix  = "arXiv",
      primaryClass   = "hep-ph",
      SLACcitation   = "%%CITATION = ARXIV:1603.03061;%%"
}



@article{Verkerke:2003ir,
      author         = "Verkerke, Wouter and Kirkby, David P.",
      title          = "{The RooFit toolkit for data modeling}",
      booktitle      = "{Statistical Problems in Particle Physics, Astrophysics
                        and Cosmology (PHYSTAT 05): Proceedings, Oxford, UK,
                        September 12-15, 2005}",
      journal        = "eConf",
      volume         = "C0303241",
      year           = "2003",
      pages          = "MOLT007",
      eprint         = "physics/0306116",
      archivePrefix  = "arXiv",
      primaryClass   = "physics",
      reportNumber   = "CHEP-2003-MOLT007",
      SLACcitation   = "%%CITATION = PHYSICS/0306116;%%"
}



@article{Moneta:2010pm,
      author         = "Moneta, Lorenzo and Belasco, Kevin and Cranmer, Kyle S.
                        and Kreiss, S. and Lazzaro, Alfio and Piparo, Danilo and
                        Schott, Gregory and Verkerke, Wouter and Wolf, Matthias",
      title          = "{The RooStats Project}",
      booktitle      = "{Proceedings, 13th International Workshop on Advanced
                        computing and analysis techniques in physics research
                        (ACAT2010): Jaipur, India, February 22-27, 2010}",
      journal        = "PoS",
      volume         = "ACAT2010",
      year           = "2010",
      pages          = "057",
      eprint         = "1009.1003",
      archivePrefix  = "arXiv",
      primaryClass   = "physics.data-an",
      SLACcitation   = "%%CITATION = ARXIV:1009.1003;%%"
}



@article{Kraml:2012sg,
      author         = "Kraml, S. and others",
      title          = "{Searches for New Physics: Les Houches Recommendations
                        for the Presentation of LHC Results}",
      journal        = "Eur. Phys. J.",
      volume         = "C72",
      year           = "2012",
      pages          = "1976",
      doi            = "10.1140/epjc/s10052-012-1976-3",
      eprint         = "1203.2489",
      archivePrefix  = "arXiv",
      primaryClass   = "hep-ph",
      reportNumber   = "FERMILAB-PUB-12-887-T"
}




@inproceedings{Boudjema:2013qla,
      author         = "Boudjema, F. and others",
      title          = "{On the presentation of the LHC Higgs Results}",
      booktitle      = "{Workshop on Likelihoods for the LHC Searches Geneva,
                        Switzerland, January 21-23, 2013}",
      url            = "http://inspirehep.net/record/1244142/files/arXiv:1307.5865.pdf",
      year           = "2013",
      eprint         = "1307.5865",
      archivePrefix  = "arXiv",
      primaryClass   = "hep-ph",
      SLACcitation   = "%%CITATION = ARXIV:1307.5865;%%"
}



@article{Fichet:2015xla,
      author         = "Fichet, Sylvain and Moreau, Grégory",
      title          = "{Anatomy of the Higgs fits: a first guide to statistical
                        treatments of the theoretical uncertainties}",
      journal        = "Nucl. Phys.",
      volume         = "B905",
      year           = "2016",
      pages          = "391-446",
      doi            = "10.1016/j.nuclphysb.2016.02.019",
      eprint         = "1509.00472",
      archivePrefix  = "arXiv",
      primaryClass   = "hep-ph",
      reportNumber   = "LPT-ORSAY-15-62",
      SLACcitation   = "%%CITATION = ARXIV:1509.00472;%%"
}



@article{Arbey:2016kqi,
      author         = "Arbey, Alexandre and Fichet, Sylvain and Mahmoudi, Farvah
                        and Moreau, Grégory",
      title          = "{The correlation matrix of Higgs rates at the LHC}",
      journal        = "JHEP",
      volume         = "11",
      year           = "2016",
      pages          = "097",
      doi            = "10.1007/JHEP11(2016)097",
      eprint         = "1606.0455",
      archivePrefix  = "arXiv",
      primaryClass   = "hep-ph",
      reportNumber   = "CERN-TH-2016-130",
      SLACcitation   = "%%CITATION = ARXIV:1606.0455;%%"
}



@article{Cranmer:2013hia,
      author         = "Cranmer, Kyle and Kreiss, Sven and Lopez-Val, David and
                        Plehn, Tilman",
      title          = "{Decoupling Theoretical Uncertainties from Measurements
                        of the Higgs Boson}",
      journal        = "Phys. Rev.",
      volume         = "D91",
      year           = "2015",
      number         = "5",
      pages          = "054032",
      doi            = "10.1103/PhysRevD.91.054032",
      eprint         = "1401.0080",
      archivePrefix  = "arXiv",
      primaryClass   = "hep-ph",
      SLACcitation   = "%%CITATION = ARXIV:1401.0080;%%"
}





@article{Berry,
 author = {Andrew C. Berry},
 journal = {Transactions of the American Mathematical Society},
 number = {1},
 pages = {122-136},
 publisher = {American Mathematical Society},
 title = {The Accuracy of the Gaussian Approximation to the Sum of Independent Variates},
 volume = {49},
 year = {1941}
}

@article{Esseen,
 author = {Carl G. Esseen},
 journal = {Ark. Mat. Astr. Fys},
 number = {9},
 pages = {1-19},
 title = {On the Liapunoff limit of error in the theory of probability},
 volume = {A28},
 year = {1942}
}

@book{Feller,
  Author = {William Feller},
  Title = {An Introduction to Probability Theory and Its Applications, Vol. 1, 3rd Edition},
  Publisher = {Wiley},
  Year = {1968},
  ISBN = {0471257087}
}


@book{Billingsley,
  Author = {Patrick Billingsley},
  Title = {Probability and Measure},
  Publisher = {Wiley},
  Year = {2012},
  ISBN = {1118122372}
 }


%Maguire:2017ypu,
@article{hepdata,
      author         = "Maguire, Eamonn and Heinrich, Lukas and Watt, Graeme",
      title          = "{HEPData: a repository for high energy physics data}",
      booktitle      = "{Proceedings, 22nd International Conference on Computing
                        in High Energy and Nuclear Physics (CHEP2016): San
                        Francisco, CA, October 14-16, 2016}",
      journal        = "J. Phys. Conf. Ser.",
      volume         = "898",
      year           = "2017",
      number         = "10",
      pages          = "102006",
      doi            = "10.1088/1742-6596/898/10/102006",
      eprint         = "1704.05473",
      archivePrefix  = "arXiv",
      primaryClass   = "hep-ex",
      reportNumber   = "IPPP-17-31",
      SLACcitation   = "%%CITATION = ARXIV:1704.05473;%%"
}
